<?xml version='1.0' encoding='UTF-8'?>
<record xmlns="http://www.loc.gov/MARC21/slim">
  <leader>01410cam a2200265 a 4500</leader>
  <controlfield tag="001">2795275</controlfield>
  <controlfield tag="003">NjP</controlfield>
  <controlfield tag="005">20171013183121.0</controlfield>
  <controlfield tag="008">000216s1873    mr            000 0 ara d</controlfield>
  <datafield tag="024" ind1="7" ind2=" ">
    <subfield code="a">princeton_aco002266</subfield>
    <subfield code="2">local</subfield>
  </datafield>
  <datafield ind1=" " ind2=" " tag="035">
    <subfield code="9">CNK5233TS</subfield>
  </datafield>
  <datafield ind1=" " ind2=" " tag="040">
    <subfield code="a">NjP</subfield>
    <subfield code="c">NjP</subfield>
  </datafield>
  <datafield ind1="1" ind2=" " tag="100">
    <subfield code="a">Tusūlī, ʻAlī ibn ʻAbd al-Salām,</subfield>
    <subfield code="d">-1842 or 1843.</subfield>
    <subfield code="0">http://id.loc.gov/authorities/names/nr92023342</subfield>
  </datafield>
  <datafield ind1="1" ind2="0" tag="240">
    <subfield code="a">Sharḥ ʻalá Tuḥfat al-ḥukkām</subfield>
  </datafield>
  <datafield ind1="1" ind2="0" tag="245">
    <subfield code="a">Qāla al-shaykh al-Imām al-ʻālim al-ʻallāmah al-humām khātimat al-muḥaqqiqīn ... Abū al-Ḥasan ʻAlī ibn ʻAbd al-Salām al-Tusūlī.</subfield>
  </datafield>
  <datafield ind1="1" ind2=" " tag="246">
    <subfield code="i">Title from caption of v. 2:</subfield>
    <subfield code="a">Niṣf al-thānī min Sharḥ al-ʻallāmah Sayyidī ʻAlī al-Dusūlī ʻalá Tuḥfat Ibn ʻĀṣim</subfield>
  </datafield>
  <datafield ind1="3" ind2="0" tag="246">
    <subfield code="a">Sharḥ al-ʻallāmah Sayyidī ʻAlī al-Dusūlī ʻalá Tuḥfat Ibn ʻĀṣim</subfield>
  </datafield>
  <datafield ind1=" " ind2=" " tag="260">
    <subfield code="a">[Fès] :</subfield>
    <subfield code="b">al-Maṭbaʻah al-Fāsīyah,</subfield>
    <subfield code="c">1289-1290 [1873]</subfield>
  </datafield>
  <datafield ind1=" " ind2=" " tag="300">
    <subfield code="a">2 v. ;</subfield>
    <subfield code="c">23 cm.</subfield>
  </datafield>
  <datafield ind1=" " ind2=" " tag="500">
    <subfield code="a">Caption title.</subfield>
  </datafield>
  <datafield ind1="1" ind2="0" tag="600">
    <subfield code="a">Ibn ʻĀṣim, Muḥammad ibn Muḥammad,</subfield>
    <subfield code="d">1359-1426.</subfield>
    <subfield code="t">Tuḥfat al-ḥukkām fī nukat al-ʻuqūd wa-al-aḥkām.</subfield>
    <subfield code="0">http://id.loc.gov/authorities/names/nr99020835</subfield>
  </datafield>
  <datafield ind1=" " ind2="0" tag="650">
    <subfield code="a">Islamic law.</subfield>
    <subfield code="0">http://id.loc.gov/authorities/subjects/sh85068454</subfield>
  </datafield>
  <datafield ind1=" " ind2="7" tag="655">
    <subfield code="a">Lithographs</subfield>
    <subfield code="z">Morocco</subfield>
    <subfield code="y">1873</subfield>
    <subfield code="2">gmgpc</subfield>
  </datafield>
  <datafield ind1=" " ind2=" " tag="948">
    <subfield code="a">jeb</subfield>
  </datafield>
  <datafield ind1=" " ind2=" " tag="911">
    <subfield code="a">20000216</subfield>
  </datafield>
  <datafield ind1=" " ind2=" " tag="912">
    <subfield code="a">20000216055834.0</subfield>
  </datafield>
  <datafield ind1="0" ind2="1" tag="852">
    <subfield code="0">3106835</subfield>
    <subfield code="b">nec</subfield>
    <subfield code="t">1</subfield>
    <subfield code="h">KBP275.I263</subfield>
    <subfield code="i">T878 1873</subfield>
  </datafield>
  <datafield ind1=" " ind2="0" tag="866">
    <subfield code="0">3106835</subfield>
    <subfield code="a">1-niṣf 2</subfield>
  </datafield>
  <datafield ind1=" " ind2="0" tag="866">
    <subfield code="0">3106835</subfield>
    <subfield code="x">DESIGNATOR: niṣf</subfield>
  </datafield>
  <datafield ind1=" " ind2=" " tag="959">
    <subfield code="a">2000-06-13 00:00:00 -0400</subfield>
  </datafield>
</record>
